<record><leader>00000cas a2200000 a 4500</leader><controlfield tag="001">17331011</controlfield><controlfield tag="008">880111d19781981wauwr ne      0    0eng d</controlfield><datafield ind1=" " ind2=" " tag="010"><subfield code="a">sn 88085112 </subfield></datafield><datafield ind1=" " ind2=" " tag="040"><subfield code="a">SLZ</subfield><subfield code="b">eng</subfield><subfield code="c">SLZ</subfield><subfield code="d">NSD</subfield><subfield code="d">OCLCQ</subfield><subfield code="d">OCLCF</subfield><subfield code="d">OCLCO</subfield></datafield><datafield ind1="1" ind2=" " tag="029"><subfield code="a">AU@</subfield><subfield code="b">000025810219</subfield></datafield><datafield ind1=" " ind2=" " tag="042"><subfield code="a">msc</subfield></datafield><datafield ind1=" " ind2=" " tag="043"><subfield code="a">n-us-wa</subfield></datafield><datafield ind1="0" ind2="0" tag="245"><subfield code="a">South Bend journal &amp; harbor pilot.</subfield></datafield><datafield ind1="3" ind2="0" tag="246"><subfield code="a">South Bend journal and harbor pilot</subfield></datafield><datafield ind1=" " ind2=" " tag="260"><subfield code="a">South Bend, Wash. :</subfield><subfield code="b">Community Media Corp.</subfield></datafield><datafield ind1=" " ind2=" " tag="300"><subfield code="a">v.</subfield></datafield><datafield ind1=" " ind2=" " tag="310"><subfield code="a">Weekly</subfield></datafield><datafield ind1="0" ind2=" " tag="362"><subfield code="a">Vol. 88, no. 28 (July 12, 1978)-v. 91, no. 13 (Mar. 25, 1981).</subfield></datafield><datafield ind1=" " ind2="0" tag="651"><subfield code="a">South Bend (Wash.)</subfield><subfield code="v">Newspapers.</subfield></datafield><datafield ind1=" " ind2="7" tag="655"><subfield code="a">Newspapers.</subfield><subfield code="2">fast</subfield><subfield code="0">(OCoLC)fst01423814</subfield></datafield><datafield ind1=" " ind2="7" tag="651"><subfield code="a">Washington (State)</subfield><subfield code="z">South Bend.</subfield><subfield code="2">fast</subfield><subfield code="0">(OCoLC)fst01207476</subfield></datafield><datafield ind1=" " ind2=" " tag="752"><subfield code="a">United States</subfield><subfield code="b">Washington</subfield><subfield code="c">Pacific</subfield><subfield code="d">South Bend.</subfield></datafield><datafield ind1="0" ind2="0" tag="780"><subfield code="t">Harbor pilot and South Bend journal</subfield><subfield code="w">(DLC)sn 90099714</subfield></datafield><datafield ind1="0" ind2="7" tag="785"><subfield code="t">Raymond herald (Raymond, Wash. : 1972)</subfield><subfield code="w">(DLC)sn 88085113</subfield></datafield><datafield ind1="0" ind2="7" tag="785"><subfield code="t">Willapa Harbor herald</subfield><subfield code="x">1065-3805</subfield><subfield code="w">(DLC)sn 88085115</subfield><subfield code="w">(OCoLC)17331133</subfield></datafield></record>